@book{Rasmussen,
	author = {Rasmussen, Carl Edward and Williams, Christopher K. I.},
	title = {Gaussian Processes for Machine Learning (Adaptive Computation and Machine Learning)},
	year = {2005},
	isbn = {026218253X},
	publisher = {The MIT Press},
} 

@misc{ wiki,
	author = "{Wikipedia contributors}",
	title = "68–95–99.7 rule --- {Wikipedia}{,} The Free Encyclopedia",
	year = "2019",
	url = "https://en.wikipedia.org/w/index.php?title=68%E2%80%9395%E2%80%9399.7_rule&oldid=913993169",
	note = "[Online; accessed 21-October-2019]"
}

@misc{newt,
	author = "{Wikipedia contributors}",
	title = "Newton's method --- {Wikipedia}{,} The Free Encyclopedia",
	year = "2019",
	url = "https://en.wikipedia.org/w/index.php?title=Newton%27s_method&oldid=914039986",
	note = "[Online; accessed 22-October-2019]"
}

@misc{BFGS,
	author = "{Wikipedia contributors}",
	title = "Broyden–Fletcher–Goldfarb–Shanno algorithm --- {Wikipedia}{,} The Free Encyclopedia",
	year = "2019",
	url = "https://en.wikipedia.org/w/index.php?title=Broyden%E2%80%93Fletcher%E2%80%93Goldfarb%E2%80%93Shanno_algorithm&oldid=906946674",
	note = "[Online; accessed 22-October-2019]"
}